@misc{statBrow,
    author    = {StatCounter, Global Stats},
    title     = {Top 5 Desktop, Tablet and Console Browsers},
    url  = {http://gs.statcounter.com/},
    year={2015}
},

@misc{statOS,
keywords = {OS,browser,browsers,free,global,global stats,market,mobile,operating,os,share,stats,system,systems,usage share,version},
mendeley-groups = {Tesis},
mendeley-tags = {OS},
title = {{Top 7 Desktop, Tablet \& Console OSs from 2010 to 2015 | StatCounter Global Stats}},
url = {http://gs.statcounter.com/\#os-ww-yearly-2010-2015},
urldate = {2015-10-29}
},

@techreport{goertzel2007software,
  title={Software Security Assurance: A State-of-Art Report (SAR)},
  author={Goertzel, Karen M and Winograd, Theodore and McKinley, Holly L and Oh, Lyndon J and Colon, Michael and McGibbon, Thomas and Fedchak, Elaine and Vienneau, Robert},
  year={2007},
  institution={DTIC Document}
},

@article{Yoder1998,
author = {Yoder, J. and Yoder, J. and Barcalow, J. and Barcalow, J.},
journal = {Proceedings of PLoP 1997},
pages = {31},
title = {{Architectural patterns for enabling application security}},
url = {http://scholar.google.com/scholar?hl=en\&btnG=Search\&q=intitle:Architectural+patterns+for+enabling+application+security\#0},
volume = {51},
year = {1998}
},

@inproceedings{fernandez2004methodology,
  title={A Methodology for Secure Software Design.},
  author={Fernandez, Eduardo B},
  booktitle={Software Engineering Research and Practice},
  pages={130--136},
  year={2004}
},

@incollection{WhyteHarrison,
author = {Whyte, Bill and Harrison, John},
isbn = {9781615208371 DOI: 10.4018/978-1-61520-837-1.ch001},
language = {English},
publisher = {IGI Global},
title = {{State of Practice in Secure Software: Experts’ Views on Best Ways Ahead}},
url = {http://www.igi-global.com/chapter/state-practice-secure-software/48404}
},

@misc{cert,
    author    = "Computer Emergency Response Team, Carnegie Mellon University",
    title     = "Early Identification Reduces Total Cost (Segment from CERT's Podcasts for Bussiness Leaders)",
    url  = "http://www.cert.org/podcasts/podcast_episode.cfm?episodeid=34820"
},

@misc{interCoursera,
    author    = {Mike Hicks},
    title     = {Interview to \textbf{Kevin Haley} (from \textbf{Symantec})},
    year     = {2014},
    note 	= {Mike Hicks (Profesor of Software Security course in Coursera.org)}
},

@book{fernandez2013security,
  title={Security patterns in practice: designing secure architectures using software patterns},
  author={Fernandez-Buglioni, Eduardo},
  year={2013},
  publisher={John Wiley \& Sons}
},

@INPROCEEDINGS{535061,
author={Larrondo-Petrie, M.M. and Nair, K.R. and Raghavan, G.K.},
booktitle={Southcon/96. Conference Record},
title={A domain analysis of Web browser architectures, languages and features},
year={1996},
month={Jun},
pages={168-174}
},

@inproceedings{2005-grosskurth-browser-refarch
,note={URL: {\tt http://grosskurth.ca/papers.html\#browser-refarch}}
,author={Alan Grosskurth and Michael W. Godfrey}
,pages={661--664}
,title={A reference architecture for web browsers}
,year={2005}
},

@misc{preprint-grosskurth-browser-archevol
,note={URL: {\tt http://grosskurth.ca/papers.html\#browser-archevol}. Note: submitted for publication}
,author={Alan Grosskurth and Michael W. Godfrey}
,title={{Architecture and evolution of the modern web browser}}
},

@incollection{fernandez2006defining,
  title={Defining security requirements through misuse actions},
  author={Fernandez, Eduardo B and VanHilst, Michael and Petrie, Maria M Larrondo and Huang, Shihong},
  booktitle={Advanced Software Engineering: Expanding the Frontiers of Software Technology},
  pages={123--137},
  year={2006},
  publisher={Springer US}
},

@article{Fernandez2006,
author = {Fern\'{a}ndez, Eduardo and Larrondo, Mar\'{\i}a},
file = {:home/paulina/Documentos/Mendeley Desktop/Fern\'{a}ndez, Larrondo - 2006 - Security Patterns and Secure Systems Design.pdf:pdf},
keywords = {design patterns,security,software architecture,software engineering,systems design},
mendeley-groups = {Tesis},
number = {June},
pages = {1--12},
title = {{Security Patterns and Secure Systems Design}},
year = {2006}
},

@inproceedings{braz2008eliciting,
  title={Eliciting security requirements through misuse activities},
  author={Braz, Fabricio A and Fernandez, Eduardo B and VanHilst, Michael},
  booktitle={Database and Expert Systems Application, 2008. DEXA'08. 19th International Workshop on},
  pages={328--333},
  year={2008},
  organization={IEEE}
},

@misc{buschman1996system,
  title={A system of patterns: pattern-oriented software architecture},
  author={Buschman, Frank and Meunier, Regine and Rohnert, Hans and Sommerlad, Peter and Stal, Michael},
  year={1996},
  publisher={Wiley}
},

@article{Avgeriou2003,
author = {Avgeriou, Paris},
issn = {15382990},
journal = {Enterprise Architect Journal},
keywords = {architectural design,evaluation software architecture,learning,management systems,quality attributes,reference architecture,software architecture},
number = {1},
pages = {347},
pmid = {22030843},
title = {{Describing, Instantiating and Evaluating a Reference Architecture: A Case Study}},
url = {http://www.ncbi.nlm.nih.gov/pubmed/21213183},
volume = {342},
year = {2003}
},

@misc{w3c,
    author    = "World Wide Web Consortium - W3C",
    title     = "About",
    url  = "http://www.w3.org/Consortium/"
},

@misc{ieeecsd2,
    author    = "IEEE Cyber Security",
    title     = "Avoiding the top 10 Security Flaws",
    url  = "http://cybersecurity.ieee.org/center-for-secure-design/avoiding-the-top-10-security-flaws.html"
},

@misc{cve,
    author    = "The MITRE Coporation",
    title     = "Common Vulnerabilities and Exposures",
    url  = "https://cve.mitre.org/about/terminology.html"
},

@misc{socEngineeering,
    author    = "Talamantes, Jeremiah",
    title     = "The Social Engineer's Playbook",
    url  = "http://www.thesocialengineersplaybook.com/"
},

@book{alcorn2014browser,
  title={The Browser Hacker's Handbook},
  author={Alcorn, Wade and Frichot, Christian and Orr{\`u}, Michele},
  year={2014},
  publisher={John Wiley \& Sons}
},

@misc{htmlSpec,
    author    = "W3C Working Group",
    title     = "HTML5 Specification",
    url  = "http://www.w3.org/TR/html5/"
},

@inproceedings{barth2009attacks,
  title={Attacks on javascript mashup communication},
  author={Barth, Adam and Jackson, Collin and Li, William},
  booktitle={Proceedings of the Web},
  volume={2},
  year={2009},
  organization={Citeseer}
},

@book{bookWebAppSec,
  title={Web application security},
  author={Sullivan, Bryan and Liu, Vincent},
  year={2012},
  publisher={McGraw-Hill}
},

@techreport{Zalewsk08,
	Author = {Michal Zalewsk},
	Date-Added = {2014-10-11 21:36:49 +0000},
	Date-Modified = {2014-10-13 20:56:42 +0000},
	Institution = {Google},
	Title = {Browser Security Handbook, part 2},
	Type = {Web page},
	Url = {https://code.google.com/p/browsersec/wiki/Part2#Same-origin_policy},
	Year = {2008}
   },

@article{barth2009securing,
  title={Securing frame communication in browsers},
  author={Barth, Adam and Jackson, Collin and Mitchell, John C},
  journal={Communications of the ACM},
  volume={52},
  number={6},
  pages={83--91},
  year={2009},
  publisher={ACM}
},

@article{reis2009browser,
address = {New York, NY, USA},
author = {Reis, Charles and Barth, Adam and Pizano, Carlos},
doi = {10.1145/1536616.1536634},
file = {:home/paulina/Documentos/Mendeley Desktop/Reis, Barth, Pizano - 2009 - Browser Security Lessons from Google Chrome.pdf:pdf},
isbn = {00010782},
issn = {0001-0782},
journal = {Commun. ACM},
mendeley-groups = {Tesis},
number = {8},
pages = {45--49},
publisher = {ACM},
title = {{Browser Security: Lessons from Google Chrome}},
url = {http://dl.acm.org/ft\_gateway.cfm?id=1556050\&type=html$\backslash$npapers3://publication/doi/10.1145/1538947.1556050},
volume = {52},
year = {2009}
}


@misc{openSecArch,
    author    = "Open Security Architecture",
    title     = "Definitions by OSA",
    url  = "http://www.opensecurityarchitecture.org/cms/definitions"
},

@book{Bass2012,
 author = {Bass, Len and Clements, Paul and Kazman, Rick},
 title = {Software Architecture in Practice},
 year = {2012},
 isbn = {0321815734, 9780321815736},
 edition = {3rd},
 publisher = {Addison-Wesley Professional},
},

@article{Hashizume2014Reference,
author = {Hashizume, Keiko and Fernandez, Eduardo B and Larrondo-petrie, Maria M},
title = {{A reference architecturefor cloud computing. Submitted for publication.}},
year = {2014}
},

@article{Hashizume2012,
author = {Hashizume, Keiko and Fernandez, Eduardo B and Raton, Boca and Larrondo-petrie, Maria M},
file = {:home/paulina/Documentos/Mendeley Desktop/Hashizume et al. - 2012 - Cloud Infrastructure Pattern.pdf:pdf},
keywords = {cloud computing,cloud service,infrastructure,pattern},
mendeley-groups = {Tesis},
pages = {1--8},
title = {{Cloud Infrastructure Pattern}},
year = {2012}
},

@article{Submitted2014,
author = {Encina, Oscar},
title = {{Towards a Security Reference Architecture for Federated Inter-Cloud Systems}},
year = {2014}
},

@incollection{fernandez2007attack,
  title={Attack patterns: A new forensic and design tool},
  author={Fernandez, Eduardo and Pelaez, Juan and Larrondo-Petrie, Maria},
  booktitle={Advances in digital forensics III},
  pages={345--357},
  year={2007},
  publisher={Springer New York}
},

@inproceedings{ModMisusePatt, 
author={Fernandez, E.B. and Yoshioka, N. and Washizaki, H.}, 
booktitle={Availability, Reliability and Security, 2009. ARES '09. International Conference on}, 
title={Modeling Misuse Patterns}, 
year={2009}, 
month={March}, 
pages={566-571}, 
keywords={security of data;software quality;forensics data;misuse pattern modelling;security patterns;software quality;Availability;Computer science;Computer security;Data security;Forensics;Information security;National security;Pattern analysis;Performance analysis;Reliability engineering;Object-oriented design;UML models;security patterns;software security;system security}, 
doi={10.1109/ARES.2009.139},
},

@article{yoshioka2006development,
  title={A development method based on security patterns},
  author={Yoshioka, N},
  journal={Presentation, NII, Tokyo},
  year={2006}
},

@inproceedings{yoshioka2007integration,
  title={Integration of attack patterns and protective patterns},
  author={Yoshioka, Nobukazu},
  booktitle={1st International Workshop on Software Patterns and Quality (SPAQu’07)},
  pages={45},
  year={2007}
},

@misc{threatPattXSS,
keywords = {pattern},
mendeley-groups = {Tesis},
mendeley-tags = {pattern},
title = {{A threat pattern for the “Cross-Site Scripting (XSS)” attack}},
url = {https://hillside.net/plop/2015/papers/pirates/18.pdf},
urldate = {2015-10-28}
},

@article{pelaez2009misuse,
  title={Misuse patterns in VoIP},
  author={Pelaez, Juan C and Fernandez, Eduardo B and Larrondo-Petrie, Maria M},
  journal={Security and Communication Networks},
  volume={2},
  number={6},
  pages={635--653},
  year={2009},
  publisher={Wiley Online Library}
},

@inproceedings{fernandez2010worm,
  title={A Worm misuse pattern},
  author={Fernandez, Eduardo B and Yoshioka, Nobukazu and Washizaki, Hironori},
  booktitle={Proceedings of the 1st Asian Conference on Pattern Languages of Programs},
  pages={2},
  year={2010},
  organization={ACM}
},

@inproceedings{hashizume2011misuse,
  title={Misuse patterns for cloud computing},
  author={Hashizume, Keiko and Yoshioka, Nobukazu and Fernandez, Eduardo B},
  booktitle={Proceedings of the 2nd Asian Conference on Pattern Languages of Programs},
  pages={12},
  year={2011},
  organization={ACM}
},

@inproceedings{munoz2011misuse,
  title={Misuse pattern: spoofing web services},
  author={Mu{\~n}oz-Arteaga, Jaime and Fernandez, Eduardo B and Caudel-Garc{\'\i}a, H{\'e}ctor},
  booktitle={Proceedings of the 2nd Asian Conference on Pattern Languages of Programs},
  pages={11},
  year={2011},
  organization={ACM}
},

@inproceedings{fernandez2012misuse,
  title={A Misuse Pattern for Retrieving Data from a Database Using SQL Injection},
  author={Fernandez, Eduardo B and Alder, Ernest and Bagley, Richard and Paghdar, Swati},
  booktitle={BioMedical Computing (BioMedCom), 2012 ASE/IEEE International Conference on},
  pages={127--131},
  year={2012},
  organization={IEEE}
},

@article{alkazimi2014,
  title={Cipher Suite Rollback: A Misuse Pattern for the SSL/TLS Client/Server Authentication Handshake Protocol},
  author={Alkazami, Ali and Fernandez, Eduardo B},
  year={2014}
},

@article{encinamisuse,
  title={A misuse pattern for Denial-of-Service in federated Inter-Clouds},
  author={Encina, Oscar and Fernandez, Eduardo B and Monge, Ra{\'u}l},
  year = {2014}
},

@misc{XHR,
    author    = "XMLHttpRequest Level 1, 2014 Draft",
    title     = "XMLHttpRequest specification",
    url  = "http://www.w3.org/TR/2014/WD-XMLHttpRequest-20140130/"
},

@misc{WebRTC,
    author    = "WebRTC 1.0: Real-time Communication Between Browsers",
    title     = "WebRTC specification",
    url  = "http://www.w3.org/TR/2015/WD-webrtc-20150210/"
},

@misc{WebSocket,
    author    = "The WebSocket API",
    title     = "WebSocket specification",
    url  = "http://www.w3.org/TR/2012/CR-websockets-20120920/"
},

@misc{barth2008security,
  title={The Security Architecture of the Chromium browser},
  author={Barth, Adam and Jackson, Collin and Reis, Charles and TGC Team and others},
  journal={2010-11-18)[2011-7-12]. http://seclah. stanford. edu/websec/chromium},
  year={2008}
},

@article{Galster2011a,
author = {Galster, Matthias and Avgeriou, Paris},
isbn = {9781450307246},
keywords = {design process,empirically-grounded,reference architecture,software architecture},
pages = {153--157},
title = {{Empirically-grounded Reference Architectures: A Proposal}},
year = {2011}
},


@article{Angelov2012,
doi = {10.1016/j.infsof.2011.11.009},
issn = {09505849},
journal = {Information and Software Technology},
keywords = {RE,Software architecture design,Software domain architecture,Software product line architecture,Software reference architecture},
mendeley-groups = {Tesis},
mendeley-tags = {RE},
month = apr,
number = {4},
pages = {417--431},
title = {{A framework for analysis and design of software reference architectures}},
url = {http://www.sciencedirect.com/science/article/pii/S0950584911002333},
volume = {54},
year = {2012}
},

@article{Rajab2013,
author = {Rajab, Ma and Ballard, Lucas and Lutz, N},
journal = {Proceedings of Annual \ldots},
title = {{CAMP: Content-agnostic malware protection}},
url = {http://citeseerx.ist.psu.edu/viewdoc/download?doi=10.1.1.295.6192\&rep=rep1\&type=pdf},
year = {2013}
},

@misc{McafeeBrowser,
keywords = {McAffe Labs,Technical Brief,browser},
mendeley-tags = {McAffe Labs,Technical Brief,browser},
title = {{Browser Network Attack Methods}},
url = {http://www.mcafee.com/us/resources/solution-briefs/sb-browser-network-attack-methods.pdf},
urldate = {2015-09-13}
},

@article{rowSecSEMBlock,
    author    = {Abrams, Randy and Pathak, Jayendra and Barrera, Orlando},
    title     = {{Browser Security Comparative Analysis: Socially Engineered Malware Blocking}},
    institution = {NSS Labs},
    year      = {2014}
},

@article{browSecPhish,
    author    = {Abrams, Randy and Pathak, Jayendra and Barrera, Orlando},
    title     = {Browser Security Comparative Analysis: Phishing Protection},
    institution = {NSS Labs},
    year      = {2013}
},

@article{Labs2013,
author = {Labs, N S S and Abrams, Author Randy},
file = {:home/paulina/Documentos/Mendeley Desktop/Labs, Abrams - 2013 - Evolutions In Browser Security.pdf:pdf},
mendeley-groups = {Tesis},
number = {October},
pages = {1--20},
title = {{Evolutions In Browser Security}},
year = {2013}
},

@misc{FirefoxThreatModel,
annote = {Threat Model},
keywords = {Firefox,Threat Model},
mendeley-tags = {Firefox,Threat Model},
title = {{Security/ProcessIsolation/ThreatModel}},
url = {https://wiki.mozilla.org/Security/ProcessIsolation/ThreatModel},
urldate = {2015-09-17}
},

@misc{owaspTopTen,
keywords = {OWASP},
mendeley-groups = {Tesis},
mendeley-tags = {OWASP},
title = {{Top 10 2013 - OWASP}},
url = {https://www.owasp.org/index.php/Top\_10\_2013},
urldate = {2015-09-23}
}, 

@article{Jackson2008,
author = {Jackson, Collin and Barth, Adam},
file = {:home/paulina/Documentos/Mendeley Desktop/Jackson, Barth - 2008 - Beware of finer-grained origins.pdf:pdf},
journal = {Web 2.0 Security and Privacy},
mendeley-groups = {Tesis},
title = {{Beware of finer-grained origins}},
url = {http://seclab.stanford.edu/websec/origins/fgo.pdf},
year = {2008}
},

@techreport{W3C-SOP,
author = {W3C},
institution = {W3C},
keywords = {SOP},
mendeley-groups = {Tesis},
title = {{Same Origin Policy}},
type = {Web page},
url = {https://www.w3.org/Security/wiki/Same\_Origin\_Policy},
year = {2010}
},

@article{SOPIEFT,
author = {<ietf@adambarth.com>, Adam Barth},
keywords = {sop},
mendeley-groups = {Tesis},
mendeley-tags = {sop},
title = {{The Web Origin Concept}},
url = {http://tools.ietf.org/html/draft-abarth-origin-09}
},


@article{Reis2009,
author = {Reis, Charles and Gribble, Steven D},
doi = {10.1145/1519065.1519090},
file = {:home/paulina/Documentos/Mendeley Desktop/Reis, Gribble - 2009 - Isolating web programs in modern browser architectures.pdf:pdf},
isbn = {9781605584829},
issn = {03005771},
journal = {Proceedings of the fourth ACM european conference on Computer systems EuroSys 09},
keywords = {browser,isolation,multi process,reliability,robustness,web browser architecture},
mendeley-groups = {Tesis},
number = {1},
pages = {219},
title = {{Isolating web programs in modern browser architectures}},
url = {http://portal.acm.org/citation.cfm?doid=1519065.1519090},
volume = {25},
year = {2009}
},

@misc{Colvin2010,
author = {Colvin, Ryan},
keywords = {SmartScreen},
mendeley-groups = {Tesis},
mendeley-tags = {SmartScreen},
title = {{SmartScreen}},
url = {http://blogs.msdn.com/b/ie/archive/2010/10/13/stranger-danger-introducing-smartscreen-application-reputation.aspx},
year = {2010}
},

@misc{NeckoElectro,
keywords = {Firefox},
mendeley-groups = {Tesis},
mendeley-tags = {Firefox},
title = {{Necko: Electrolysis design and subprojects}},
url = {https://wiki.mozilla.org/Necko:\_Electrolysis\_design\_and\_subprojects},
urldate = {2015-09-17}
},

@misc{AddONFirefox,
mendeley-groups = {Tesis},
title = {{The Future of Developing Firefox Add-ons | Mozilla Add-ons Blog}},
url = {https://blog.mozilla.org/addons/2015/08/21/the-future-of-developing-firefox-add-ons/},
urldate = {2015-11-02}
},

%Tiene imagenes el documento de acá
@book{Crowley2010,
address = {Berkely, CA, USA},
author = {Crowley, Matthew},
edition = {1st},
file = {:home/paulina/Documentos/Mendeley Desktop/Crowley - 2010 - Pro Internet Explorer 8 \& 9 Development Developing Powerful Applications for The Next Generation of IE.pdf:pdf},
isbn = {1430228539, 9781430228530},
mendeley-groups = {Tesis},
publisher = {Apress},
title = {{Pro Internet Explorer 8 \& 9 Development: Developing Powerful Applications for The Next Generation of IE}},
year = {2010}
},

@article{Paola2006,
author = {Paola, Stefano Di and Fedon, Giorgio},
file = {:home/paulina/.local/share/data/Mendeley Ltd./Mendeley Desktop/Downloaded/Paola, Fedon - 2006 - Subverting Ajax.pdf:pdf},
journal = {23rd Chaos Communication Congress},
mendeley-groups = {Tesis},
number = {December},
title = {{Subverting Ajax}},
url = {http://events.ccc.de/congress/2006/Fahrplan/attachments/1158-Subverting\_Ajax.pdf},
year = {2006}
},

@article{Silic2010, 
author = {Silic, Marin and Krolo, Jakov and Delac, Goran},
file = {:home/paulina/Documentos/Mendeley Desktop/Silic, Krolo, Delac - 2010 - Security vulnerabilities in modern web browser architecture.pdf:pdf},
isbn = {978-1-4244-7763-0},
journal = {MIPRO, 2010 Proceedings of the 33rd International Convention},
mendeley-groups = {Tesis},
title = {{Security vulnerabilities in modern web browser architecture}},
year = {2010}
},

@article{Barth2009,
author = {Barth, Adam and Weinberger, Joel and Song, Dawn},
doi = {10.1016/j.cell.2011.11.032},
file = {:home/paulina/Documentos/Mendeley Desktop/Barth, Weinberger, Song - 2009 - Cross-Origin JavaScript Capability Leaks Detection , Exploitation , and Defense.pdf:pdf},
issn = {10974172},
journal = {Opera},
mendeley-groups = {Tesis},
pages = {187--198},
pmid = {22196728},
title = {{Cross-Origin JavaScript Capability Leaks : Detection , Exploitation , and Defense}},
volume = {147},
year = {2009}
},

@article{Yason,
author = {Yason, Mark Vincent},
file = {:home/paulina/Documentos/Mendeley Desktop/Yason - Unknown - D Iving I Nto Ie 10 ’ S E Nhanced P Rotected M Ode S Andbox.pdf:pdf},
mendeley-groups = {Tesis},
title = {{Diving into IE 10’s Enhanced Protected Mode Sandbox}}
},

@article{Liu2012,
author = {Liu, L and Zhang, X and Yan, G and Chen, Songqing},
file = {:home/paulina/Documentos/Mendeley Desktop/Liu et al. - 2012 - Chrome extensions Threat analysis and countermeasures.pdf:pdf},
journal = {\ldots of the Network and Distributed Systems \ldots},
mendeley-groups = {Tesis},
title = {{Chrome extensions: Threat analysis and countermeasures}},
url = {https://www.cs.gmu.edu/~sqchen/publications/NDSS-2012.pdf},
year = {2012}
},

@article{Dougan2012,
author = {Dougan, Timothy and Curran, Kevin},
doi = {10.4018/jaci.2012010103},
file = {:home/paulina/Documentos/Mendeley Desktop/Dougan, Curran - 2012 - Man in the Browser Attacks.pdf:pdf},
issn = {1941-6237},
journal = {International Journal of Ambient Computing and Intelligence},
keywords = {hacking,internet banking,man-in-the-browser,man-in-the-middle,security},
mendeley-groups = {Tesis},
number = {1},
pages = {29--39},
title = {{Man in the Browser Attacks}},
volume = {4},
year = {2012}
},

@article{Utakrit2009,
author = {Utakrit, N},
file = {:home/paulina/Documentos/Mendeley Desktop/Utakrit - 2009 - Review of Browser Extensions, a Man-in-the-Browser Phishing Techniques Targeting Bank Customers.pdf:pdf},
isbn = {9780729806800},
journal = {Proceedings of the 7th Australian Information Security Management Conference},
keywords = {Add-ons,Browser extensions,Computer crime,Crime,Industrial management,Information dissemi,Man-in-the-browser,P},
mendeley-groups = {Tesis},
pages = {110--119},
title = {{Review of Browser Extensions, a Man-in-the-Browser Phishing Techniques Targeting Bank Customers}},
url = {http://www.scopus.com/inward/record.url?eid=2-s2.0-84864552184\&partnerID=40\&md5=3d08a9c7c4ba9dbe5e04fb831ad5257b$\backslash$nhttp://ro.ecu.edu.au/ism/19/},
year = {2009}
},

@article{Barth2010,
author = {Barth, Adam and Felt, Adrienne Porter and Saxena, Prateek and Boodman, Aaron},
doi = {10.1111/j.1365-2486.2006.01169.x},
file = {:home/paulina/Documentos/Mendeley Desktop/Barth et al. - 2010 - Protecting Browsers from Extension Vulnerabilities.pdf:pdf},
issn = {13541013},
journal = {Ndss},
mendeley-groups = {Tesis},
pages = {1315--1329},
pmid = {22196736},
title = {{Protecting Browsers from Extension Vulnerabilities}},
url = {http://citeseerx.ist.psu.edu/viewdoc/download?doi=10.1.1.154.5579\&amp;rep=rep1\&amp;type=pdf},
volume = {147},
year = {2010}
},

@article{fernandez2001pattern,
author = {Fernandez, Eduardo B and Pan, Rouyi},
file = {:home/paulina/Documentos/Mendeley Desktop/Fernandez, Pan - 2001 - A pattern language for security models.pdf:pdf},
journal = {proceedings of PLOP},
mendeley-groups = {Tesis},
pages = {1--13},
title = {{A pattern language for security models}},
url = {http://citeseerx.ist.psu.edu/viewdoc/summary?doi=10.1.1.90.5898},
volume = {1},
year = {2001}
},

@article{Computing2013,
author = {Computing, Biomedical and Hashizume, Keiko and Fernandez, Eduardo B. and Larrondo-petrie, Maria M.},
doi = {10.1109/BioMedCom.2012.29},
file = {:home/paulina/Documentos/Mendeley Desktop/Computing et al. - 2013 - A pattern for software-as-a-service in clouds.pdf:pdf},
isbn = {9780769549385},
journal = {Proceedings of the 2012 ASE International Conference on BioMedical Computing, BioMedCom 2012},
keywords = {Software-as-a-Service,cloud computing,cloud service,pattern,software-as-a-service},
mendeley-groups = {Tesis},
number = {SocialInformatics},
pages = {140--144},
title = {{A pattern for software-as-a-service in clouds}},
year = {2013}
},

@article{Hashizume,
author = {Hashizume, Keiko and Fernandez, Eduardo B and Larrondo-petrie, Maria M},
file = {:home/paulina/Documentos/Mendeley Desktop/Hashizume, Fernandez, Larrondo-petrie - Unknown - Cloud Service Model Patterns.pdf:pdf},
mendeley-groups = {Tesis},
title = {{Cloud Service Model Patterns}}
},

@book{Fernandez2011,
author = {Fernandez, Eduardo B. and Yoshioka, Nobukazu and Washizaki, Hironori and Jurjens, Jan and VanHilst, Michael and Pernu, Guenther},
doi = {10.4018/978-1-61520-837-1},
editor = {Mouratidis, H.},
isbn = {9781615208371},
keywords = {security patterns},
language = {English},
mendeley-groups = {Tesis},
mendeley-tags = {security patterns},
publisher = {IGI Global},
title = {{Using Security Patterns to Develop Secure Systems}},
url = {http://www.igi-global.com/chapter/using-security-patterns-develop-secure/48405},
year = {2011}
},

@article{Singh2014,
author = {Singh, Amit and Sathappan, S},
file = {:home/paulina/.local/share/data/Mendeley Ltd./Mendeley Desktop/Downloaded/Singh, Sathappan - 2014 - A Survey on XSS web-attack and Defense Mechanisms.pdf:pdf},
keywords = {cross-site scripting,dom based xss,sql injection,static taint analysis,symbolic execution,xss},
mendeley-groups = {Tesis},
number = {3},
pages = {1160--1164},
title = {{A Survey on XSS web-attack and Defense Mechanisms}},
volume = {4},
year = {2014}
},

@misc{IE8-LCIE,
keywords = {Compatibility,Developers,General IE Information,IE},
mendeley-groups = {Tesis},
mendeley-tags = {IE},
title = {{IE8 and Loosely-Coupled IE (LCIE) - IEBlog - Site Home}},
url = {http://blogs.msdn.com/b/ie/archive/2008/03/11/ie8-and-loosely-coupled-ie-lcie.aspx},
urldate = {2015-09-17}
},

@article{Fernandez2011a,
author = {Fernandez, Eduardo B. and Washizaki, Hironori and Yoshioka, Nobukazu and VanHilst, Michael},
doi = {10.1109/ARES.2011.45},
file = {:home/paulina/Documentos/Mendeley Desktop/Fernandez et al. - 2011 - An approach to model-based development of secure and reliable systems.pdf:pdf},
isbn = {9780769544854},
journal = {Proceedings of the 2011 6th International Conference on Availability, Reliability and Security, ARES 2011},
mendeley-groups = {Tesis},
pages = {260--265},
title = {{An approach to model-based development of secure and reliable systems}},
year = {2011}
},

@article{Drake2011,
author = {Drake, Joshua and Mehta, Paul and Miller, Charlie and Moyer, Shawn and Smith, Ryan and Valasek, Chris and Approach, A Quantitative},
file = {:home/paulina/Documentos/Mendeley Desktop/Drake et al. - 2011 - Browser Security Comparison.pdf:pdf},
journal = {Accuvant Labs},
mendeley-groups = {Tesis},
title = {{Browser Security Comparison}},
year = {2011}
},

@misc{IEArch,
keywords = {IE},
mendeley-groups = {Tesis},
mendeley-tags = {IE},
title = {{Internet Explorer Architecture (Internet Explorer)}},
url = {https://msdn.microsoft.com/en-us/library/aa741312(v=vs.85).aspx},
urldate = {2015-09-17}
},

@misc{EvolutionofWeb,
  author = {Google Team},
  url = {http://www.evolutionoftheweb.com/},
  title = {Evolution of the Web}
},

@article{Godfrey2000,
author = {Godfrey, Michael W and Lee, Eric H S},
file = {:home/paulina/Documentos/Mendeley Desktop/Godfrey, Lee - 2000 - Secrets from the Monster Extracting Mozilla's Software Architecture.pdf:pdf},
journal = {In Proc. of 2000 Intl. Symposium on Constructing software engineering tools (CoSET 2000},
keywords = {architecture\_recovery,reverse\_engineering,software\_architecture,software\_visualization},
mendeley-groups = {Tesis},
pages = {15--23},
title = {{Secrets from the Monster: Extracting Mozilla's Software Architecture}},
url = {http://citeseerx.ist.psu.edu/viewdoc/summary?doi=10.1.1.42.9211},
year = {2000}
},

@article{Lwin2009,
author = {Systems, Autonomous and Lwin, N.N.Z.},
doi = {10.1109/ICAS.2009.44},
file = {:home/paulina/Documentos/Mendeley Desktop/Systems, Lwin - 2009 - Agent Based Web Browser.pdf:pdf},
isbn = {978-1-4244-3684-2},
journal = {2009 Fifth International Conference on Autonomic and Autonomous Systems},
keywords = {-intelligent web browser,Intelligent Web browser,Web agent,Web mining,hand that will be,human and intelligent agents,information navigation,makes sense to both,multi-agent,proxy agent,semantically enhanced with metadata,that,web agent,web mining},
title = {{Agent Based Web Browser}},
year = {2009}
},

@article{Saini2014,
author = {Saini, Anil and Gaur, Manoj Singh and Laxmi, Vijay},
file = {:home/paulina/Documentos/Mendeley Desktop/Saini, Gaur, Laxmi - 2014 - Privacy Leakage Attacks in Browsers.pdf:pdf},
keywords = {browser attacks,cyber attacks,ma-,script-based attacks},
mendeley-groups = {Tesis},
pages = {257--276},
title = {{Privacy Leakage Attacks in Browsers}},
year = {2014}
},

@techreport{RFC-6797,
author = {Hodges, J and Jackson, C and Barth, A},
institution = {Internet Engineering Task Force (IETF)},
number = {6797},
title = {{HTTP Strict Transport Security \{(HSTS)\}}},
type = {RFC},
year = {2012}
},

@article{RFC-5246,
author = {Dierks, T and Rescorla, E},
keywords = {RFC,SSL,TLS},
mendeley-groups = {Tesis},
mendeley-tags = {RFC,SSL,TLS},
title = {{The Transport Layer Security (TLS) Protocol Version 1.2}},
url = {https://tools.ietf.org/html/rfc5246}
},

@misc{webMessaging,
keywords = {postMssage,w3c},
mendeley-groups = {Tesis},
mendeley-tags = {postMssage,w3c},
title = {{HTML5 Web Messaging}},
url = {http://www.w3.org/TR/webmessaging/},
urldate = {2015-10-29}
},

@misc{XSSDOM,
mendeley-groups = {Tesis},
title = {{[DOM Based Cross Site Scripting or XSS of the Third Kind] Web Security Articles - Web Application Security Consortium}},
url = {http://www.webappsec.org/projects/articles/071105.shtml},
urldate = {2015-10-08}
},

@misc{XSSDOMOwasp,
mendeley-groups = {Tesis},
title = {{DOM Based XSS - OWASP}},
url = {https://www.owasp.org/index.php/DOM\_Based\_XSS},
urldate = {2015-10-08}
},

@misc{bugzillaXSSDOM,
keywords = {XSSDOM},
mendeley-groups = {Tesis},
mendeley-tags = {XSSDOM},
title = {{272620 – XSS vulnerability in internal error messages}},
url = {https://bugzilla.mozilla.org/show\_bug.cgi?id=272620},
urldate = {2015-10-29}
},

@misc{GoogleChromeIsolation,
keywords = {isolation},
mendeley-groups = {Tesis},
mendeley-tags = {isolation},
title = {{Site Isolation - The Chromium Projects}},
url = {https://www.chromium.org/developers/design-documents/site-isolation},
urldate = {2015-10-29}
},

@article{Bates2010,
author = {Bates, Daniel and Barth, Adam and Jackson, Collin},
doi = {10.1145/1772690.1772701},
file = {:home/paulina/.local/share/data/Mendeley Ltd./Mendeley Desktop/Downloaded/Bates, Barth, Jackson - 2010 - Regular expressions considered harmful in client-side xss filters.pdf:pdf},
isbn = {9781605587998},
journal = {Proceedings of the 19th international conference on World wide web},
keywords = {browser,cross-site scripting,filter,web,xss},
mendeley-groups = {Tesis},
pages = {91--100},
title = {{Regular expressions considered harmful in client-side xss filters}},
url = {http://portal.acm.org/citation.cfm?id=1772701},
year = {2010}
},

@article{Barth2009SecureFrame,
address = {New York, NY, USA},
author = {Barth, By Adam and Jackson, Collin and Mitchell, John C. and Barth, Adam and Jackson, Collin and Mitchell, John C.},
doi = {10.1145/1516046.1516066},
file = {:home/paulina/Documentos/Mendeley Desktop/Barth et al. - 2009 - Securing Frame Communication in Browsers.pdf:pdf},
issn = {0001-0782},
journal = {Commun. ACM},
mendeley-groups = {Tesis},
number = {6},
pages = {83--91},
publisher = {ACM},
title = {{Securing Frame Communication in Browsers}},
volume = {52},
year = {2009}
},

@misc{sandboxGC,
keywords = {sandbox},
mendeley-groups = {Tesis},
mendeley-tags = {sandbox},
title = {{Sandbox - The Chromium Projects}},
url = {http://www.chromium.org/developers/design-documents/sandbox},
urldate = {2015-10-16}
},

@misc{ElectrolysisTalk,
keywords = {desktop,firefox},
mendeley-groups = {Tesis},
title = {{Multiprocess Desktop Firefox | Air Mozilla | Mozilla, in Video}},
url = {https://air.mozilla.org/inter-presentation-schuster/},
urldate = {2015-11-01}
},

@misc{NightlyBuilds,
mendeley-groups = {Tesis},
title = {{Firefox Nightly Builds}},
url = {https://nightly.mozilla.org/},
urldate = {2015-11-01}
},

@misc{Firefox101,
keywords = {Firefox,Tim Taubert,electrolysis},
mendeley-groups = {Tesis},
mendeley-tags = {Firefox,electrolysis},
title = {{Firefox Electrolysis 101}},
url = {https://timtaubert.de/blog/2011/08/firefox-electrolysis-101/},
urldate = {2015-09-15}
},

@inproceedings{fernandez2014security,
author = {Fernandez, Eduardo B. and Monge, Raul and Hashizume, Keiko},
booktitle = {Proceedings of the WICSA 2014 Companion Volume},
doi = {10.1007/s00766-014-0218-7},
file = {:home/paulina/Documentos/Mendeley Desktop/Fernandez, Monge, Hashizume - 2015 - Building a security reference architecture for cloud systems.pdf:pdf},
issn = {0947-3602},
keywords = {b,department of computer and,e,electrical engineering and,fernandez,hashizume,patterns \'{a} reference architecture,security,security reference architecture \'{a},\'{a} k,\'{a} security requirements \'{a}},
mendeley-groups = {Tesis},
organization = {ACM},
pages = {3},
title = {{Building a security reference architecture for cloud systems}},
year = {2014}
},

@misc{firefoxIPC,
keywords = {IPC},
mendeley-groups = {Tesis},
mendeley-tags = {IPC},
title = {{Multiprocess Firefox | Bill McCloskey's Blog on WordPress.com}},
url = {https://billmccloskey.wordpress.com/2013/12/05/multiprocess-firefox/\#ipc},
urldate = {2015-11-17}
},

@misc{GCIPC,
mendeley-groups = {Tesis},
title = {{Inter-process Communication (IPC) - The Chromium Projects}},
url = {https://www.chromium.org/developers/design-documents/inter-process-communication},
urldate = {2015-11-17}
},
@article{Vrbanec2013,
author = {Vrbanec, Tedo},
file = {:home/paulina/Documentos/Mendeley Desktop/Vrbanec - 2013 - The evolution of web browser architecture.pdf:pdf},
keywords = {- web browsers,and possible obstacles in,chapter,implementation,its advantages are presented,problems is offered in,software,software architecture,solution for web developing,the third,tire architecture},
mendeley-groups = {Tesis},
pages = {472--480},
title = {{The evolution of web browser architecture}},
year = {2013}
},



%Referencias de Imágenes
@misc{multiProcGC,
keywords = {chromium},
mendeley-groups = {Tesis},
mendeley-tags = {chromium},
title = {{Multi-process Architecture - The Chromium Projects}},
url = {https://www.chromium.org/developers/design-documents/multi-process-architecture},
urldate = {2015-10-29}
},

@misc{ChrRenderPipe,
keywords = {chromium},
mendeley-groups = {Tesis},
mendeley-tags = {chromium},
title = {{Chromium Rendering Pipeline}},
url = {http://www.slideshare.net/HyungwookLee/android-chromium-rendering-pipeline},
urldate = {2015-10-29}
},

@misc{IEArchImg,
keywords = {IE},
mendeley-groups = {Tesis},
mendeley-tags = {IE},
title = {{Internet Explorer Architecture (Internet Explorer)}},
url = {https://msdn.microsoft.com/en-us/library/aa741312(v=vs.85).aspx},
urldate = {2015-09-17}
},

@misc{IE8LCIE,
keywords = {Compatibility,Developers,General IE Information,IE},
mendeley-groups = {Tesis},
mendeley-tags = {IE},
title = {{IE8 and Loosely-Coupled IE (LCIE) - IEBlog - Site Home}},
url = {http://blogs.msdn.com/b/ie/archive/2008/03/11/ie8-and-loosely-coupled-ie-lcie.aspx},
urldate = {2015-09-17}
},

@misc{gecko,
mendeley-groups = {Tesis},
title = {{How browsers work}},
url = {http://taligarsiel.com/Projects/howbrowserswork1.htm},
urldate = {2015-11-02}
}
